@misc{png_spec,
    title={{PNG 1.2 specification document}},
    year={1999},
    howpublished={\url{http://www.libpng.org/pub/png/spec/1.2/PNG-Introduction.html}},
    author="{{ADLER Mark et al.}}",
    note="Accesat pe 16 mai, 2024"
}

@misc{zig,
    title={{Zig programming language home page}},
    year={2023},
    howpublished={\url{https://ziglang.org/}},
    note="Accesat pe 16 mai, 2024"
}

@misc{raylib,
    title={{Raylib home page}},
    year={2023},
    howpublished={\url{https://www.raylib.com/}},
    note="Accesat pe 16 mai, 2024"
}

@misc{system_io_pipelines,
    title={{System.IO.Pipelines documentation}},
    year={2022},
    howpublished={\url{https://learn.microsoft.com/en-us/dotnet/standard/io/pipelines}},
    author={Microsoft},
    note="Accesat pe 16 mai, 2024"
}

@misc{github_developer_pack,
    title={{GitHub developer pack}},
    year={2023},
    howpublished={\url{https://education.github.com/pack}},
    note="Accesat pe 16 mai, 2024"
}

@misc{zls,
    title={{Zig Language Server}},
    year={2023},
    howpublished={\url{https://github.com/zigtools/zls}},
    note="Accesat pe 16 mai, 2024"
}
 
@misc{zlib_spec,
    title={{ZLIB Compressed Data Format Specification version 3.3}},
    year={1996},
    howpublished={\url{https://datatracker.ietf.org/doc/html/rfc1950}},
    author={{DEUTSCH L. Peter; GAILLY Jean-loup}},
    note="Accesat pe 16 mai, 2024"
}

@misc{deflate_spec,
    title={{DEFLATE Compressed Data Format Specification version 1.3}},
    year={1996},
    howpublished={\url{https://www.ietf.org/rfc/rfc1951.txt}},
    author={{DEUTSCH L. Peter}},
    note="Accesat pe 16 mai, 2024"
}

@misc{gzip_impl,
    title={{uzlib}},
    year={2021},
    howpublished={\url{https://github.com/pfalcon/uzlib}},
    note="Accesat pe 16 mai, 2024"
}

@misc{gif_unusable_reason,
    title={{Why There Are No GIF Files on GNU Web Pages}},
    year={1997},
    howpublished={\url{https://www.gnu.org/philosophy/gif.en.html}},
    note="Accesat pe 16 mai, 2024"
}

@misc{deflate_tests,
    author="Google",
    title={Deflate},
    year={2022},
    howpublished={\url{https://github.com/google/wuffs/blob/3c1df6768179/std/deflate/README.md}},
    note="Accesat pe 16 mai, 2024"
}

@misc{raylib_zig,
    title={{Idiomatic Zig bindings for raylib utilizing raylib\_parser}},
    year={2024},
    author={{SCHERBAKOW Michael}},
    howpublished={\url{https://github.com/ryupold/raylib.zig}},
    note="Accesat pe 16 mai, 2024"
}

@article{self,
  author  = {{CURMANSCHII Anton}},
  title   = "Explorarea fișierelor {PNG}",
  journal = "Conferința Studențească, Ediția XXVIII-a, 2024, în tipar",
  year    = 2024,
}

@misc{wsl,
    author={Microsoft},
    title="Windows Subsystem for Linux Documentation",
    howpublished={\url{https://learn.microsoft.com/en-us/windows/wsl/}},
    year="2022",
    note="Accesat pe 16 mai, 2024"
}
